@book{insideJVM,
	author = "Bill Venners",
	title = "Inside the Java2 Virtual Machine",
	year = "2000",
	publisher = "McGraw-Hill",
}

@book{JVMspecs,
	author = "Tim Lindholm and Frank Yellin ",
	title = "The Java Virtual Machine Specification (2nd Edition)",
	year = "1999",
	publisher = "Addison-Wesley Professional",
}